<collection xmlns="http://www.loc.gov/MARC21/slim">
<record>
  <leader>01181nam0a2200229 i 450 </leader>
  <controlfield tag="001">IT\ICCU\CNCE\026118</controlfield>
  <controlfield tag="005">20130930000000.0</controlfield>
  <datafield tag="012" ind1=" " ind2=" ">
    <subfield code="a">2.o. e.os a,,&amp; e-de (C) 1592 (A)</subfield>
    <subfield code="2">fei</subfield>
  </datafield>
  <datafield tag="100" ind1=" " ind2=" ">
    <subfield code="a">19971008d1592        0itac0103    ba</subfield>
  </datafield>
  <datafield tag="101" ind1=" " ind2=" ">
    <subfield code="a">ITA</subfield>
  </datafield>
  <datafield tag="102" ind1=" " ind2=" ">
    <subfield code="a">IT</subfield>
  </datafield>
  <datafield tag="200" ind1="1" ind2=" ">
    <subfield code="a">℗La ℗infanta donna Catterina d&apos;Austria, per gratia di Dio duchessa di Sauoia, etc</subfield>
  </datafield>
  <datafield tag="210" ind1=" " ind2=" ">
    <subfield code="a">In Vercelli</subfield>
    <subfield code="c">per Francesco Bonati</subfield>
    <subfield code="d">1592</subfield>
  </datafield>
  <datafield tag="215" ind1=" " ind2=" ">
    <subfield code="a">1 manifesto</subfield>
    <subfield code="d">1/4</subfield>
  </datafield>
  <datafield tag="300" ind1=" " ind2=" ">
    <subfield code="a">Revoca di tutte le commissioni e deleghe per inquisizioni sia generali che particolari. - Incipit: essendo venuto  ̉notitia che molti danni, et eccessiue spese si causano dalli commissarij, et delegati, che vanno per il paese con surrepir tal volte da noi, et nostri magistrati dette commissioni sotto varij pretesti ... - Data di emanazione: Torino, 23 gennaio 1592</subfield>
  </datafield>
  <datafield tag="620" ind1=" " ind2=" ">
    <subfield code="a">IT</subfield>
    <subfield code="d">Vercelli</subfield>
  </datafield>
  <datafield tag="710" ind1="0" ind2="2">
    <subfield code="a">Savoia</subfield>
    <subfield code="c"> &lt;Ducato&gt;</subfield>
    <subfield code="3">8866</subfield>
  </datafield>
  <datafield tag="712" ind1="0" ind2="2">
    <subfield code="a">Savoia</subfield>
    <subfield code="c"> &lt;Ducato&gt;</subfield>
    <subfield code="b"> : Camera dei Conti</subfield>
    <subfield code="3">IT\ICCU\CNCA\003140</subfield>
  </datafield>
  <datafield tag="712" ind1="0" ind2="0">
    <subfield code="a">Bonati, Francesco</subfield>
    <subfield code="3">IT\ICCU\CNCT\000685</subfield>
    <subfield code="4">650</subfield>
  </datafield>
  <datafield tag="791" ind1="0" ind2="0">
    <subfield code="a">Bonatus, Franciscus</subfield>
    <subfield code="3">IT\ICCU\CNCT\004442</subfield>
    <subfield code="z">Bonati, Francesco</subfield>
  </datafield>
  <datafield tag="801" ind1=" " ind2="3">
    <subfield code="a">IT</subfield>
    <subfield code="b">ICCU</subfield>
    <subfield code="c">20201114</subfield>
  </datafield>
  <datafield tag="899" ind1=" " ind2=" ">
    <subfield code="a">Biblioteca civica. Vercelli</subfield>
    <subfield code="1">VC0073</subfield>
    <subfield code="2">TO0 A2</subfield>
  </datafield>
</record>
</collection>
